@UNPUBLISHED {FengSimon17,
    author = "Feng, J. and N. Simon",
    title  = "{Sparse-Input Neural Networks for High-dimensional Nonparametric Regression and Classification}",
    note   = "\url{https://arxiv.org/abs/1711.07592}",
    year   = "2017"
}

@ARTICLE {StadlerEtal10,
    author  = "{St\"{a}dler}, N. and P. {B\"{u}hlmann} and S. van de Geer",
    title   = "{$\ell_1$-penalization for mixture regression models}",
    journal = "Test",
    year    = "2010",
    volume  = "19",
    pages   = "209--256"
}

@INPROCEEDINGS {Bengio07,
    author    = "Bengio, Y. and P. Lamblin and D. Popovici and H. Larochelle",
    title     = "{Greedy Layer-Wise Training of Deep Networks}",
    booktitle = "Advances in Neural Information Processing Systems 19 (NIPSâ€˜06)",
    year      = "2007",
    pages     = "153--160",
    publisher = "MIT Press"
}

@ARTICLE {Hinton06,
    author  = "Hinton, G. E. and R. R. Salakhutdinov",
    title   = "{Reducing the Dimensionality of Data with Neural Networks}",
    journal = "Science",
    year    = "2006",
    volume  = "313",
    number  = "5786",
    pages   = "504--507"
}

@ARTICLE {FreyHinton99,
    author  = "Frey, B. J. and G. E. Hinton",
    title   = "{Variational learning in nonlinear Gaussian belief networks}",
    journal = "Neural Comput.",
    year    = "1999",
    volume  = "11",
    number  = "1",
    pages   = "193--213"
}